<record><leader>00000cas a22000007a 4500</leader><controlfield tag="001">12201476</controlfield><controlfield tag="008">850626d18791887wiuwr ne      0    0eng d</controlfield><datafield ind1=" " ind2=" " tag="010"><subfield code="a">sn 85040825 </subfield></datafield><datafield ind1=" " ind2=" " tag="040"><subfield code="a">NPV</subfield><subfield code="b">eng</subfield><subfield code="c">NPV</subfield><subfield code="d">OCLCQ</subfield></datafield><datafield ind1=" " ind2=" " tag="042"><subfield code="a">msc</subfield></datafield><datafield ind1=" " ind2=" " tag="045"><subfield code="a">w7w8</subfield></datafield><datafield ind1=" " ind2=" " tag="052"><subfield code="a">4123</subfield><subfield code="b">W9</subfield></datafield><datafield ind1="0" ind2=" " tag="130"><subfield code="a">Centralia enterprise (Wisconsin Rapids, Wis.)</subfield></datafield><datafield ind1="1" ind2="0" tag="245"><subfield code="a">Centralia enterprise.</subfield></datafield><datafield ind1=" " ind2=" " tag="260"><subfield code="a">Centralia [i.e. Wisconsin Rapids], Wis. :</subfield><subfield code="b">Rossier &amp; Baker,</subfield><subfield code="c">-1887.</subfield></datafield><datafield ind1=" " ind2=" " tag="300"><subfield code="a">v.</subfield></datafield><datafield ind1=" " ind2=" " tag="310"><subfield code="a">Weekly</subfield></datafield><datafield ind1="0" ind2=" " tag="362"><subfield code="a">-v. 9, no. 2 (May 26, 1887).</subfield></datafield><datafield ind1="1" ind2=" " tag="362"><subfield code="a">Began with May 22, 1879 issue.</subfield><subfield code="z">Cf. Oehlerts, d. Guide to Wis. newspapers.</subfield></datafield><datafield ind1=" " ind2=" " tag="500"><subfield code="a">Publisher varies.</subfield></datafield><datafield ind1=" " ind2=" " tag="500"><subfield code="a">Editors: Rossier &amp; Baker, &lt;June 17, 1880&gt;-&lt;July 28, 1881&gt;; E.B. Rossier, &lt;Jan. 4, 1883&gt;-May 26, 1887.</subfield></datafield><datafield ind1=" " ind2=" " tag="530"><subfield code="a">Available on microfilm from The State Historical Society of Wisconsin.</subfield></datafield><datafield ind1=" " ind2=" " tag="588"><subfield code="a">Description based on: Vol. 2, no. 5 (June 17, 1880).</subfield></datafield><datafield ind1=" " ind2=" " tag="752"><subfield code="a">United States</subfield><subfield code="b">Wisconsin</subfield><subfield code="c">Wood</subfield><subfield code="d">Wisconsin Rapids.</subfield></datafield><datafield ind1="0" ind2="7" tag="785"><subfield code="t">Grand Rapids tribune (Wisconsin Rapids, Wis. : 1873)</subfield><subfield code="w">(DLC)sn 85033073</subfield></datafield><datafield ind1="0" ind2="7" tag="785"><subfield code="t">Centralia enterprise and tribune</subfield><subfield code="w">(DLC)sn 85040826</subfield></datafield></record>